@article{bell2020anti,
  title={Anti-segregation policing},
  author={Bell, Monica C},
  journal={NYUL Rev.},
  volume={95},
  pages={650},
  year={2020},
  publisher={HeinOnline}
}

@article{klinger1997negotiating,
  title={Negotiating order in patrol work: An ecological theory of police response to deviance},
  author={Klinger, David A},
  journal={Criminology},
  volume={35},
  number={2},
  pages={277--306},
  year={1997},
  publisher={Wiley Online Library}
}

@article{hassell2007variation,
  title={Variation in Police Patrol Practices-The Precint as a Sub-Organizational Level of Analysis},
  author={Hassell, Kimberly D},
  journal={Policing: Int'l J. Police Strat. \& Mgmt.},
  volume={30},
  pages={257},
  year={2007},
  publisher={HeinOnline}
}

@article{keele2015geographic,
  title={Geographic boundaries as regression discontinuities},
  author={Keele, Luke J and Titiunik, Rocio},
  journal={Political Analysis},
  volume={23},
  number={1},
  pages={127--155},
  year={2015},
  publisher={Cambridge University Press}
}

@article{thistlethwaite1960regression,
  title={Regression-discontinuity analysis: An alternative to the ex post facto experiment.},
  author={Thistlethwaite, Donald L and Campbell, Donald T},
  journal={Journal of Educational psychology},
  volume={51},
  number={6},
  pages={309},
  year={1960},
  publisher={American Psychological Association}
}

@article{beck2020effects,
  title={The Effects of New York City’s Neighborhood Policing Program on Crime, Misdemeanor Arrests, and Racial Disparities},
  author={Beck, Brenden and Antonelli, Joseph and Pi{\~n}eros, Gabriela},
  year={2020},
  publisher={SocArXiv}
}

@article{macdonald2016effect,
  title={The effect of private police on crime: evidence from a geographic regression discontinuity design},
  author={MacDonald, John M and Klick, Jonathan and Grunwald, Ben},
  journal={Journal of the Royal Statistical Society. Series A (Statistics in Society)},
  pages={831--846},
  year={2016},
  publisher={JSTOR}
}

@article{antonelli2020estimating,
  title={Estimating heterogeneous causal effects in time series settings with staggered adoption: An application to neighborhood policing},
  author={Antonelli, Joseph and Beck, Brenden},
  journal={arXiv preprint arXiv:2006.07681},
  year={2020}
}

@article{puelz2019graph,
  title={A graph-theoretic approach to randomization tests of causal effects under general interference},
  author={Puelz, David and Basse, Guillaume and Feller, Avi and Toulis, Panos},
  journal={arXiv preprint arXiv:1910.10862},
  year={2019}
}

@article{verbitsky2012causal,
  title={Causal inference under interference in spatial settings: a case study evaluating community policing program in Chicago},
  author={Verbitsky-Savitz, Natalya and Raudenbush, Stephen W},
  journal={Epidemiologic Methods},
  volume={1},
  number={1},
  pages={107--130},
  year={2012},
  publisher={De Gruyter}
}

@article{imbens2012optimal,
  title={Optimal bandwidth choice for the regression discontinuity estimator},
  author={Imbens, Guido and Kalyanaraman, Karthik},
  journal={The Review of economic studies},
  volume={79},
  number={3},
  pages={933--959},
  year={2012},
  publisher={Oxford University Press}
}

@article{ba2019effect,
  title={The effect of police oversight on crime and allegations of misconduct: Evidence from chicago},
  author={Ba, Bocar A and Rivera, Roman G},
  year={2019}
}

@article{harvey2020applying,
  title={Applying regression discontinuity designs to American political development},
  author={Harvey, Anna},
  journal={Public Choice},
  volume={185},
  number={3},
  pages={377--399},
  year={2020},
  publisher={Springer}
}

@article{de2013deterrent,
  title={The deterrent effects of the penalty points system for driving offences: a regression discontinuity approach},
  author={De Paola, Maria and Scoppa, Vincenzo and Falcone, Mariatiziana},
  journal={Empirical Economics},
  volume={45},
  number={2},
  pages={965--985},
  year={2013},
  publisher={Springer}
}

@article{calonico2014robust,
  title={Robust data-driven inference in the regression-discontinuity design},
  author={Calonico, Sebastian and Cattaneo, Matias D and Titiunik, Rocio},
  journal={The Stata Journal},
  volume={14},
  number={4},
  pages={909--946},
  year={2014},
  publisher={SAGE Publications Sage CA: Los Angeles, CA}
}

@article{arai2018simultaneous,
  title={Simultaneous selection of optimal bandwidths for the sharp regression discontinuity estimator},
  author={Arai, Yoichi and Ichimura, Hidehiko},
  journal={Quantitative Economics},
  volume={9},
  number={1},
  pages={441--482},
  year={2018},
  publisher={Wiley Online Library}
}

@article{trochim1990regression,
  title={The regression-discontinuity design},
  author={Trochim, William MK},
  journal={Research methodology: Strengthening causal interpretations of nonexperimental data},
  pages={119--130},
  year={1990},
  publisher={US Department of Health and Human Services, Agency for Health Care Policy~…}
}

@article{imbens2008regression,
  title={Regression discontinuity designs: A guide to practice},
  author={Imbens, Guido W and Lemieux, Thomas},
  journal={Journal of econometrics},
  volume={142},
  number={2},
  pages={615--635},
  year={2008},
  publisher={Elsevier}
}

@article{cattaneo2019regression,
  title={The regression discontinuity design},
  author={Cattaneo, Matias D and Titiunik, Roc{\i}o and Vazquez-Bare, Gonzalo and others},
  journal={Handbook of Research Methods in Political Science and International Relations, eds. L. Curini and RJ Franzese, Sage Publications},
  year={2019}
}

@article{matsudaira2008mandatory,
  title={Mandatory summer school and student achievement},
  author={Matsudaira, Jordan D},
  journal={Journal of Econometrics},
  volume={142},
  number={2},
  pages={829--850},
  year={2008},
  publisher={Elsevier}
}

@article{lee2004voters,
  title={Do voters affect or elect policies? Evidence from the US House},
  author={Lee, David S and Moretti, Enrico and Butler, Matthew J},
  journal={The Quarterly Journal of Economics},
  volume={119},
  number={3},
  pages={807--859},
  year={2004},
  publisher={MIT Press}
}

@article{mccrary2008manipulation,
  title={Manipulation of the running variable in the regression discontinuity design: A density test},
  author={McCrary, Justin},
  journal={Journal of econometrics},
  volume={142},
  number={2},
  pages={698--714},
  year={2008},
  publisher={Elsevier}
}

@article{lemieux2008incentive,
  title={Incentive effects of social assistance: A regression discontinuity approach},
  author={Lemieux, Thomas and Milligan, Kevin},
  journal={Journal of Econometrics},
  volume={142},
  number={2},
  pages={807--828},
  year={2008},
  publisher={Elsevier}
}

@article{keele2015enhancing,
  title={Enhancing a geographic regression discontinuity design through matching to estimate the effect of ballot initiatives on voter turnout},
  author={Keele, Luke and Titiunik, Rocio and Zubizarreta, Jos{\'e} R},
  journal={Journal of the Royal Statistical Society. Series A (Statistics in Society)},
  pages={223--239},
  year={2015},
  publisher={JSTOR}
}

@article{papadogeorgou2019adjusting,
  title={Adjusting for unmeasured spatial confounding with distance adjusted propensity score matching},
  author={Papadogeorgou, Georgia and Choirat, Christine and Zigler, Corwin M},
  journal={Biostatistics},
  volume={20},
  number={2},
  pages={256--272},
  year={2019},
  publisher={Oxford University Press}
}

@misc{ashenfelter1984using,
  title={Using the longitudinal structure of earnings to estimate the effect of training programs},
  author={Ashenfelter, Orley C and Card, David},
  year={1984},
  publisher={National Bureau of Economic Research Cambridge, Mass., USA}
}

@book{cook1979quasi,
  title={Quasi-experimentation: Design \& analysis issues for field settings},
  author={Cook, Thomas D and Campbell, Donald Thomas and Day, Arles},
  volume={351},
  year={1979},
  publisher={Houghton Mifflin Boston}
}

@article{bernal2017interrupted,
  title={Interrupted time series regression for the evaluation of public health interventions: a tutorial},
  author={Bernal, James Lopez and Cummins, Steven and Gasparrini, Antonio},
  journal={International journal of epidemiology},
  volume={46},
  number={1},
  pages={348--355},
  year={2017},
  publisher={Oxford University Press}
}

@article{abadie2010synthetic,
  title={Synthetic control methods for comparative case studies: Estimating the effect of California’s tobacco control program},
  author={Abadie, Alberto and Diamond, Alexis and Hainmueller, Jens},
  journal={Journal of the American statistical Association},
  volume={105},
  number={490},
  pages={493--505},
  year={2010},
  publisher={Taylor \& Francis}
}

@book{lechner2011estimation,
  title={The estimation of causal effects by difference-in-difference methods},
  author={Lechner, Michael and others},
  year={2011},
  publisher={Now}
}

@article{rubin1974estimating,
  title={Estimating causal effects of treatments in randomized and nonrandomized studies.},
  author={Rubin, Donald B},
  journal={Journal of educational Psychology},
  volume={66},
  number={5},
  pages={688},
  year={1974},
  publisher={American Psychological Association}
}

@article{mattei2017regression,
  title={Regression discontinuity designs as local randomized experiments},
  author={Mattei, Alessandra and Mealli, Fabrizia},
  journal={Observational Studies},
  volume={3},
  number={2},
  pages={156--173},
  year={2017},
  publisher={University of Pennsylvania Press}
}

@article{rischard2020school,
  title={Do School Districts Affect NYC House Prices? Identifying Border Differences Using a Bayesian Nonparametric Approach to Geographic Regression Discontinuity Designs},
  author={Rischard, Maxime and Branson, Zach and Miratrix, Luke and Bornn, Luke},
  journal={Journal of the American Statistical Association},
  pages={1--13},
  year={2020},
  publisher={Taylor \& Francis}
}

@article{cattaneo2017comparing,
  title={Comparing inference approaches for RD designs: A reexamination of the effect of head start on child mortality},
  author={Cattaneo, Matias D and Titiunik, Rocio and Vazquez-Bare, Gonzalo},
  journal={Journal of Policy Analysis and Management},
  volume={36},
  number={3},
  pages={643--681},
  year={2017},
  publisher={Wiley Online Library}
}

@article{tippett1931methods,
  title={The methods of statistics.},
  author={Tippett, Leonard Henry Caleb and others},
  journal={The Methods of Statistics.},
  year={1931},
  publisher={London: Williams \& Norgate Ltd.}
}

@article{chen2019opats,
  title={OPATs: Omnibus P-value association tests},
  author={Chen, Chia-Wei and Yang, Hsin-Chou},
  journal={Briefings in bioinformatics},
  volume={20},
  number={1},
  pages={1--14},
  year={2019},
  publisher={Oxford University Press}
}

@book{daley2003introduction,
  title={An introduction to the theory of point processes: volume I: elementary theory and methods},
  author={Daley, Daryl J and Vere-Jones, David},
  year={2003},
  publisher={Springer}
}

@book{good2006permutation,
  title={Permutation, parametric, and bootstrap tests of hypotheses},
  author={Good, Phillip I},
  year={2006},
  publisher={Springer Science \& Business Media}
}

@article{mccartan2020sequential,
  title={Sequential Monte Carlo for Sampling Balanced and Compact Redistricting Plans},
  author={McCartan, Cory and Imai, Kosuke},
  journal={arXiv preprint arXiv:2008.06131},
  year={2020}
}

@article{ggmap2013,
    author = {David Kahle and Hadley Wickham},
    title = {ggmap: Spatial Visualization with ggplot2},
    journal = {The R Journal},
    year = {2013},
    volume = {5},
    number = {1},
    pages = {144--161},
    url = {https://journal.r-project.org/archive/2013-1/kahle-wickham.pdf},
  }